1722 1300
484 37 1094 78 GEOR.CAMER.
1256 36 1367 86 165.

185 89 234 133 In
243 97 348 132 terea
357 89 458 129 ans
467 91 530 129 Sol
547 88 606 129 bis
621 88 852 140 tepefecerat
865 90 985 129 vndas
1004 117 1017 134 ‚

238 151 272 185 A
285 145 371 183 Sole
382 141 550 181 occiduae
561 140 621 181 bis
636 153 790 191 tepuere
811 143 929 193 plaga:
940 167 952 183 ‚

181 196 233 236 Et
245 196 359 236 toties
369 195 480 234 celeri
495 193 658 234 succeffit
671 194 843 244 Cynthia
870 195 1005 239 fratri,

235 250 284 288 Et
298 249 413 288 toties
428 246 591 286 fratrem
603 245 759 297 fugerat
772 248 840 286 illa
853 250 963 288 suum
976 275 987 286 .

182 303 288 342 Cum
304 299 553 351 puerldalius
563 299 659 339 Caeli
672 299 751 336 iam
765 299 879 340 lassus
892 300 933 339 in
950 299 1032 338 aula
1046 310 1064 344 ,-

233 355 338 392 Nam
352 350 390 390 su
397 363 528 404 perant
541 354 702 403 Superos
713 352 824 391 taedia
839 363 929 392 nota
942 354 1045 390 Deos
1056 377 1067 394 ‚

184 404 360 444 Aduolat
377 406 417 445 ὅ(
429 405 537 443 terris
552 423 562 442 2
579 403 699 442 modo
709 405 906 454 proximus
917 402 1203 447 aduolat'asttis

240 457 412 496 Sidereas
426 458 528 496 inter
538 454 732 508 aeriasque
744 458 876 509 plagas
887 484 900 502 ,

179 510 232 551 Et
244 507 396 548 dubitat
407 507 502 561 quid
518 520 604 559 agat
619 529 628 546 ,
640 507 780 548 dubias
792 510 887 549 dum
900 507 1064 548 consulit
1076 509 1169 554 alas,

237 565 326 600 Haec
339 559 414 600 sola
428 584 441 603 2
453 560 616 600 sidereas
628 559 779 611 respicit
791 562 857 601 illa
872 562 1011 600 domos
1026 575 1037 604 3

181 614 244 655 Sic
257 617 352 651 Puer
365 613 590 652 inconstans
598 612 785 652 constanti
801 627 927 653 errore
946 614 1104 654 volabat
1116 641 1129 659 ,

236 667 436 705 Proximus
451 665 545 709 hinc
556 667 877 717 rerrae‚proximus
890 666 982 705 inde
997 668 1088 705 Polo
1102 695 1114 706 .

187 721 294 759 curn
308 717 413 757 videt
444 715 550 771 (heu
564 719 646 756 caeci
662 719 750 770 quis
769 719 920 758 lumina
939 717 1056 758 nescit
1069 719 1213 761 amoris
1225 721 1279 775 ἓ)

236 770 338 808 Aoni
345 782 491 822 umque
507 771 915 825 nemu32Aoniumque
930 770 1041 810 nefas

183 821 310 864 Vidit,
327 823 367 862 ὃς
387 822 563 861 ardentes
578 820 651 861 sese
662 823 873 875 collegitin
887 825 964 863 iras
976 852 988 870 ‚

235 876 385 912 Irarum
403 873 539 914 faciles
551 875 801 926 concipitille
819 876 922 916 faces
936 904 947 920 ,

181 923 360 965 Confilio
373 926 515 966 celeres
531 927 646 965 celeri
661 939 753 977 puer
774 929 1054 981 impeditiras,

235 980 299 1017 Co
307 978 466 1029 mposito
477 979 603 1019 fallax
612 981 712 1020 velat
724 991 929 1035 vtrumque
941 981 1035 1020 dolo
1046 1008 1060 1023 .

180 1029 300 1074 Exuit
312 1042 398 1072 ecce
410 1032 779 1085 Deum‚plxaretram
792 1031 958 1089 seponit,
976 1036 1017 1076 ἃ
1031 1039 1126 1081 alas,
1350 1044 1357 1075 ζ
